%YAML 1.1
%TAG !u! tag:unity3d.com,2011:
--- !u!1 &5978313102785845928
GameObject:
  m_ObjectHideFlags: 0
  m_CorrespondingSourceObject: {fileID: 0}
  m_PrefabInstance: {fileID: 0}
  m_PrefabAsset: {fileID: 0}
  serializedVersion: 6
  m_Component:
  - component: {fileID: 5555230907026220633}
  - component: {fileID: 8019149874895219122}
  - component: {fileID: 2120543417039929347}
  - component: {fileID: 169737831683421079}
  m_Layer: 10
  m_Name: SnakeBodyArc
  m_TagString: Untagged
  m_Icon: {fileID: 0}
  m_NavMeshLayer: 0
  m_StaticEditorFlags: 0
  m_IsActive: 1
--- !u!4 &5555230907026220633
Transform:
  m_ObjectHideFlags: 0
  m_CorrespondingSourceObject: {fileID: 0}
  m_PrefabInstance: {fileID: 0}
  m_PrefabAsset: {fileID: 0}
  m_GameObject: {fileID: 5978313102785845928}
  m_LocalRotation: {x: 0, y: 0, z: 0, w: 1}
  m_LocalPosition: {x: 0, y: 0, z: 0}
  m_LocalScale: {x: 1, y: 1, z: 1}
  m_Children:
  - {fileID: 6644447497312253703}
  m_Father: {fileID: 0}
  m_RootOrder: 0
  m_LocalEulerAnglesHint: {x: 0, y: 0, z: 0}
--- !u!65 &8019149874895219122
BoxCollider:
  m_ObjectHideFlags: 0
  m_CorrespondingSourceObject: {fileID: 0}
  m_PrefabInstance: {fileID: 0}
  m_PrefabAsset: {fileID: 0}
  m_GameObject: {fileID: 5978313102785845928}
  m_Material: {fileID: 0}
  m_IsTrigger: 1
  m_Enabled: 1
  serializedVersion: 2
  m_Size: {x: 0.8, y: 0.8, z: 0.8}
  m_Center: {x: 0, y: 0, z: 0}
--- !u!114 &2120543417039929347
MonoBehaviour:
  m_ObjectHideFlags: 0
  m_CorrespondingSourceObject: {fileID: 0}
  m_PrefabInstance: {fileID: 0}
  m_PrefabAsset: {fileID: 0}
  m_GameObject: {fileID: 5978313102785845928}
  m_Enabled: 1
  m_EditorHideFlags: 0
  m_Script: {fileID: 11500000, guid: af43000856ba0f24186fed41f4975f45, type: 3}
  m_Name: 
  m_EditorClassIdentifier: 
  rigidBody: {fileID: 0}
  Direction: 0
--- !u!54 &169737831683421079
Rigidbody:
  m_ObjectHideFlags: 0
  m_CorrespondingSourceObject: {fileID: 0}
  m_PrefabInstance: {fileID: 0}
  m_PrefabAsset: {fileID: 0}
  m_GameObject: {fileID: 5978313102785845928}
  serializedVersion: 2
  m_Mass: 1
  m_Drag: 0
  m_AngularDrag: 0.05
  m_UseGravity: 0
  m_IsKinematic: 1
  m_Interpolate: 0
  m_Constraints: 0
  m_CollisionDetection: 0
--- !u!1001 &1823787446385384477
PrefabInstance:
  m_ObjectHideFlags: 0
  serializedVersion: 2
  m_Modification:
    m_TransformParent: {fileID: 5555230907026220633}
    m_Modifications:
    - target: {fileID: -4216859302048453862, guid: c440bf2c2826d10419c605f197472e05,
        type: 3}
      propertyPath: m_LocalPosition.x
      value: -0
      objectReference: {fileID: 0}
    - target: {fileID: -4216859302048453862, guid: c440bf2c2826d10419c605f197472e05,
        type: 3}
      propertyPath: m_LocalPosition.y
      value: 0
      objectReference: {fileID: 0}
    - target: {fileID: -4216859302048453862, guid: c440bf2c2826d10419c605f197472e05,
        type: 3}
      propertyPath: m_LocalPosition.z
      value: 0
      objectReference: {fileID: 0}
    - target: {fileID: -4216859302048453862, guid: c440bf2c2826d10419c605f197472e05,
        type: 3}
      propertyPath: m_LocalRotation.x
      value: 0
      objectReference: {fileID: 0}
    - target: {fileID: -4216859302048453862, guid: c440bf2c2826d10419c605f197472e05,
        type: 3}
      propertyPath: m_LocalRotation.y
      value: -0
      objectReference: {fileID: 0}
    - target: {fileID: -4216859302048453862, guid: c440bf2c2826d10419c605f197472e05,
        type: 3}
      propertyPath: m_LocalRotation.z
      value: -0
      objectReference: {fileID: 0}
    - target: {fileID: -4216859302048453862, guid: c440bf2c2826d10419c605f197472e05,
        type: 3}
      propertyPath: m_LocalRotation.w
      value: 1
      objectReference: {fileID: 0}
    - target: {fileID: -4216859302048453862, guid: c440bf2c2826d10419c605f197472e05,
        type: 3}
      propertyPath: m_RootOrder
      value: 0
      objectReference: {fileID: 0}
    - target: {fileID: -4216859302048453862, guid: c440bf2c2826d10419c605f197472e05,
        type: 3}
      propertyPath: m_LocalEulerAnglesHint.x
      value: 0
      objectReference: {fileID: 0}
    - target: {fileID: -4216859302048453862, guid: c440bf2c2826d10419c605f197472e05,
        type: 3}
      propertyPath: m_LocalEulerAnglesHint.y
      value: 0
      objectReference: {fileID: 0}
    - target: {fileID: -4216859302048453862, guid: c440bf2c2826d10419c605f197472e05,
        type: 3}
      propertyPath: m_LocalEulerAnglesHint.z
      value: 0
      objectReference: {fileID: 0}
    - target: {fileID: -1504981713932161579, guid: c440bf2c2826d10419c605f197472e05,
        type: 3}
      propertyPath: m_Materials.Array.data[0]
      value: 
      objectReference: {fileID: 2100000, guid: 86779e92b6777f04f8040cab08c3625d, type: 2}
    - target: {fileID: -927199367670048503, guid: c440bf2c2826d10419c605f197472e05,
        type: 3}
      propertyPath: m_Name
      value: SnakeBodyArc
      objectReference: {fileID: 0}
    - target: {fileID: -927199367670048503, guid: c440bf2c2826d10419c605f197472e05,
        type: 3}
      propertyPath: m_Layer
      value: 10
      objectReference: {fileID: 0}
    m_RemovedComponents: []
  m_SourcePrefab: {fileID: 100100000, guid: c440bf2c2826d10419c605f197472e05, type: 3}
--- !u!4 &6644447497312253703 stripped
Transform:
  m_CorrespondingSourceObject: {fileID: -4216859302048453862, guid: c440bf2c2826d10419c605f197472e05,
    type: 3}
  m_PrefabInstance: {fileID: 1823787446385384477}
  m_PrefabAsset: {fileID: 0}
