%YAML 1.1
%TAG !u! tag:unity3d.com,2011:
--- !u!1 &2797226058368905940
GameObject:
  m_ObjectHideFlags: 0
  m_CorrespondingSourceObject: {fileID: 0}
  m_PrefabInstance: {fileID: 0}
  m_PrefabAsset: {fileID: 0}
  serializedVersion: 6
  m_Component:
  - component: {fileID: 1436989180846457806}
  - component: {fileID: 5577280162384161896}
  - component: {fileID: 9171732045606466782}
  m_Layer: 11
  m_Name: SpaceInvadersShipLaser
  m_TagString: Untagged
  m_Icon: {fileID: 0}
  m_NavMeshLayer: 0
  m_StaticEditorFlags: 0
  m_IsActive: 1
--- !u!4 &1436989180846457806
Transform:
  m_ObjectHideFlags: 0
  m_CorrespondingSourceObject: {fileID: 0}
  m_PrefabInstance: {fileID: 0}
  m_PrefabAsset: {fileID: 0}
  m_GameObject: {fileID: 2797226058368905940}
  m_LocalRotation: {x: -0, y: -0, z: -0, w: 1}
  m_LocalPosition: {x: 0, y: -1.8, z: 0}
  m_LocalScale: {x: 1, y: 1, z: 1}
  m_Children:
  - {fileID: 9122713448987301062}
  m_Father: {fileID: 0}
  m_RootOrder: 0
  m_LocalEulerAnglesHint: {x: 0, y: 0, z: 0}
--- !u!114 &5577280162384161896
MonoBehaviour:
  m_ObjectHideFlags: 0
  m_CorrespondingSourceObject: {fileID: 0}
  m_PrefabInstance: {fileID: 0}
  m_PrefabAsset: {fileID: 0}
  m_GameObject: {fileID: 2797226058368905940}
  m_Enabled: 1
  m_EditorHideFlags: 0
  m_Script: {fileID: 11500000, guid: f32fa1bab30134948a5e6b67dcc5191d, type: 3}
  m_Name: 
  m_EditorClassIdentifier: 
--- !u!65 &9171732045606466782
BoxCollider:
  m_ObjectHideFlags: 0
  m_CorrespondingSourceObject: {fileID: 0}
  m_PrefabInstance: {fileID: 0}
  m_PrefabAsset: {fileID: 0}
  m_GameObject: {fileID: 2797226058368905940}
  m_Material: {fileID: 0}
  m_IsTrigger: 1
  m_Enabled: 1
  serializedVersion: 2
  m_Size: {x: 0.2, y: 1, z: 0.2}
  m_Center: {x: 0, y: 0, z: 0}
--- !u!95 &4343089042740569293
Animator:
  serializedVersion: 3
  m_ObjectHideFlags: 0
  m_CorrespondingSourceObject: {fileID: 0}
  m_PrefabInstance: {fileID: 0}
  m_PrefabAsset: {fileID: 0}
  m_GameObject: {fileID: 5242535577395914453}
  m_Enabled: 1
  m_Avatar: {fileID: 0}
  m_Controller: {fileID: 9100000, guid: 12461402e7396ba428468d1edf49032b, type: 2}
  m_CullingMode: 0
  m_UpdateMode: 0
  m_ApplyRootMotion: 0
  m_LinearVelocityBlending: 0
  m_WarningMessage: 
  m_HasTransformHierarchy: 1
  m_AllowConstantClipSamplingOptimization: 1
  m_KeepAnimatorControllerStateOnDisable: 0
--- !u!1001 &4314685124492443612
PrefabInstance:
  m_ObjectHideFlags: 0
  serializedVersion: 2
  m_Modification:
    m_TransformParent: {fileID: 1436989180846457806}
    m_Modifications:
    - target: {fileID: -4216859302048453862, guid: f77a57dc71da99c4d97695bf8ffc987b,
        type: 3}
      propertyPath: m_LocalPosition.x
      value: -0
      objectReference: {fileID: 0}
    - target: {fileID: -4216859302048453862, guid: f77a57dc71da99c4d97695bf8ffc987b,
        type: 3}
      propertyPath: m_LocalPosition.y
      value: 0
      objectReference: {fileID: 0}
    - target: {fileID: -4216859302048453862, guid: f77a57dc71da99c4d97695bf8ffc987b,
        type: 3}
      propertyPath: m_LocalPosition.z
      value: 0
      objectReference: {fileID: 0}
    - target: {fileID: -4216859302048453862, guid: f77a57dc71da99c4d97695bf8ffc987b,
        type: 3}
      propertyPath: m_LocalRotation.x
      value: 0
      objectReference: {fileID: 0}
    - target: {fileID: -4216859302048453862, guid: f77a57dc71da99c4d97695bf8ffc987b,
        type: 3}
      propertyPath: m_LocalRotation.y
      value: -0
      objectReference: {fileID: 0}
    - target: {fileID: -4216859302048453862, guid: f77a57dc71da99c4d97695bf8ffc987b,
        type: 3}
      propertyPath: m_LocalRotation.z
      value: -0
      objectReference: {fileID: 0}
    - target: {fileID: -4216859302048453862, guid: f77a57dc71da99c4d97695bf8ffc987b,
        type: 3}
      propertyPath: m_LocalRotation.w
      value: 1
      objectReference: {fileID: 0}
    - target: {fileID: -4216859302048453862, guid: f77a57dc71da99c4d97695bf8ffc987b,
        type: 3}
      propertyPath: m_RootOrder
      value: 0
      objectReference: {fileID: 0}
    - target: {fileID: -4216859302048453862, guid: f77a57dc71da99c4d97695bf8ffc987b,
        type: 3}
      propertyPath: m_LocalEulerAnglesHint.x
      value: 0
      objectReference: {fileID: 0}
    - target: {fileID: -4216859302048453862, guid: f77a57dc71da99c4d97695bf8ffc987b,
        type: 3}
      propertyPath: m_LocalEulerAnglesHint.y
      value: 0
      objectReference: {fileID: 0}
    - target: {fileID: -4216859302048453862, guid: f77a57dc71da99c4d97695bf8ffc987b,
        type: 3}
      propertyPath: m_LocalEulerAnglesHint.z
      value: 0
      objectReference: {fileID: 0}
    - target: {fileID: -1504981713932161579, guid: f77a57dc71da99c4d97695bf8ffc987b,
        type: 3}
      propertyPath: m_Materials.Array.data[0]
      value: 
      objectReference: {fileID: 2100000, guid: 49916368820d6a349bb687f89ce804d9, type: 2}
    - target: {fileID: -927199367670048503, guid: f77a57dc71da99c4d97695bf8ffc987b,
        type: 3}
      propertyPath: m_Name
      value: SpaceInvadersLaser
      objectReference: {fileID: 0}
    m_RemovedComponents: []
  m_SourcePrefab: {fileID: 100100000, guid: f77a57dc71da99c4d97695bf8ffc987b, type: 3}
--- !u!1 &5242535577395914453 stripped
GameObject:
  m_CorrespondingSourceObject: {fileID: -927199367670048503, guid: f77a57dc71da99c4d97695bf8ffc987b,
    type: 3}
  m_PrefabInstance: {fileID: 4314685124492443612}
  m_PrefabAsset: {fileID: 0}
--- !u!4 &9122713448987301062 stripped
Transform:
  m_CorrespondingSourceObject: {fileID: -4216859302048453862, guid: f77a57dc71da99c4d97695bf8ffc987b,
    type: 3}
  m_PrefabInstance: {fileID: 4314685124492443612}
  m_PrefabAsset: {fileID: 0}
